@online{zdf-ai-act,
  author={ZDF},
  title={KI-Regeln: Gesetz AI Act EU Ethik Experten},
  url={https://www.zdf.de/nachrichten/politik/ki-regeln-gesetz-ai-act-eu-ethik-experten-100.html},
  urldate={2024-05-28},
  year={2024}
}

@online{wikipedia-ethik-ki,
  author={Wikipedia},
  title={Ethik der Künstlichen Intelligenz},
  url={https://de.wikipedia.org/wiki/Ethik_der_K%C3%BCnstlichen_Intelligenz},
  urldate={2024-05-26},
  year={2024}
}

@online{srf-ki,
  author={SRF},
  title={KI neigt zu Geschlechterstereotypen, Rassismus und Homophobie},
  url={https://www.srf.ch/news/international/studie-der-unesco-ki-neigt-zu-geschlechterstereotype-rassismus-und-homophobie},
  urldate={2024-05-30},
  year={2024}
}

@online{ibm-ai-ethics,
  author={IBM},
  title={AI Ethics},
  url={https://www.ibm.com/de-de/topics/ai-ethics},
  urldate={2024-05-30},
  year={2024}
}

@online{wikipedia-ki,
  author={Wikipedia},
  title={Künstliche Intelligenz},
  url={https://de.wikipedia.org/wiki/K%C3%BCnstliche_Intelligenz},
  urldate={2024-05-26},
  year={2024}
}

@online{satw-2019,
  author={SATW},
  title={{Anwendung von künstlicher Intelligenz in Wissenschaft und Forschung}},
  url={file:///C:/Users/julie/Downloads/SATW_Kurzstudie_KI_Wissenschaft_Forschung.pdf},
  urldate={2024-05-24},
  year={2019}
}